@article{bai_2009,
  title={Panel Data Models With Interactive Fixed Effects},
  volume={77},
  DOI={10.3982/ecta6135},
  number={4},
  journal={Econometrica},
  author={Bai, Jushan},
  year={2009},
  pages={1229-1279}
}

@article{bai_ng_2002,
  title={Determining the Number of Factors in Approximate Factor Models},
  volume={70},
  DOI={10.1111/1468-0262.00273},
  number={1},
  journal={Econometrica},
  author={Bai, Jushan and Ng, Serena},
  year={2002},
  pages={191-221}
}

@article{baltagi_levin_1992,
  title={Cigarette taxation: Raising revenues and reducing consumption},
  volume={3},
  DOI={10.1016/0954-349x(92)90010-4},
  number={2},
  journal={Structural Change and Economic Dynamics},
  author={Baltagi, Badi H. and Levin, Dan},
  year={1992},
  pages={321-335}
}

@book{greene_2003,
  title={Econometric analysis},
  publisher={Pearson Education},
  author={Greene, William H},
  year={2003}
}

@article{holtz-eakin_newey_rosen_1988,
  title={Estimating Vector Autoregressions with Panel Data},
  volume={56},
  DOI={10.2307/1913103},
  number={6},
  journal={Econometrica},
  author={Holtz-Eakin, Douglas and Newey, Whitney and Rosen, Harvey S.},
  year={1988},
  pages={1371}
}

@article{moon_weidner_2015,
  title={Linear Regression for Panel With Unknown Number of Factors as Interactive Fixed Effects},
  volume={83},
  DOI={10.3982/ecta9382},
  number={4},
  journal={Econometrica},
  author={Moon, Hyungsik Roger and Weidner, Martin},
  year={2015},
  pages={1543-1579}
}

@article{pesaran_2006,
  title={Estimation and Inference in Large Heterogeneous Panels with a Multifactor Error Structure},
  volume={74},
  DOI={10.1111/j.1468-0262.2006.00692.x},
  number={4},
  journal={Econometrica},
  author={Pesaran, M. Hashem},
  year={2006},
  pages={967-1012}
}

@article{stock_watson_2002,
  title={Forecasting Using Principal Components From a Large Number of Predictors},
  volume={97},
  DOI={10.1198/016214502388618960},
  number={460},
  journal={Journal of the American Statistical Association},
  author={Stock, James H and Watson, Mark W},
  year={2002},
  pages={1167-1179}
}

@article{su_jin_2012,
  title={Sieve estimation of panel data models with cross section dependence},
  volume={169},
  DOI={10.1016/j.jeconom.2012.01.006},
  number={1},
  journal={Journal of Econometrics},
  author={Su, Liangjun and Jin, Sainan},
  year={2012},
  pages={34-47}
}

@article{westerlund_2018,
  title={On Estimation and Inference in Heterogeneous Panel Regressions with Interactive Effects},
  volume={40},
  DOI={10.1111/jtsa.12432},
  number={5},
  journal={Journal of Time Series Analysis},
  author={Westerlund, Joakim},
  year={2018},
  pages={852-857}
}
